@Book{Fencott:CCS:95,
author = {Fencott, C.},
title = {Formal Methods for Concurrency},
year = {1995},
publisher = {International Thomson Computer Press},
address = {Boston, MA, USA},
}

@Article{Clarke:Emerson:temp:logic:82, 
author = {Clarke, E. M. and Emerson, E. A.},
title =	{Design and synthesis of synchronization skeletons using branching time temporal logic},
journal = {Science of Computer Programming},
volume = {2},
pages =	{241--266},
year = {1982},
}

@Book{Huzar:etal:Ada95:98,
author = {Huzar, Z. and Fry≈∫lewicz, Z. and Dubielewicz, I. and Hnatkowska, B. and Waniczek, J.},
title = {Ada 95},
publisher = {Helion},
year = {1998},
address = {Gliwice}
}

@Manual{Ada:Ref:Manual:06,
title = {Ada Reference Manual {ISO}/{IEC} 8652:200y({E}) {E}d. 3},
organization = {Ada Europe},
year = {2006}
}

@Book{Sommerville:SE:15,
author = {Sommerville, I.},
title = {Software Engineering},
publisher = {Pearson Education},
year = {2015},
address = {New Jersey}
}

@Article{journals:cacm:Davis88,
author = {Davis, Alan M.},
title = {A Comparison of Techniques for the Specification of External System Behavior.},
journal = {Commun. ACM},
volume = {31},
pages = {1098-1115},
year = {1988}
}
